@article{cooley1965algorithm,
  title={An algorithm for the machine calculation of complex Fourier series},
  author={Cooley, James W and Tukey, John W},
  journal={Mathematics of computation},
  volume={19},
  number={90},
  pages={297--301},
  year={1965},
  publisher={American Mathematical Society}
}

@online{fft_wikipedia,
  title={Fast Fourier transform},
  author={Wikipedia},
  url={https://en.wikipedia.org/wiki/Fast_Fourier_transform},
  year={2023},
  urldate={2023-02-19}
}

@online{fft_youtube,
  title={Fourier transform explained},
  author={Various},
  url={https://www.youtube.com/results?search_query=fourier+transform+explained},
  year={2023},
  urldate={2023-02-19}
}

@online{fft_video,
  title={Fast Fourier Transform (FFT) Algorithm | Frequencies, Sinusoids and the FFT},
  author={3Blue1Brown},
  url={https://www.youtube.com/watch?v=v743U7gvLq0&t=146s},
  year={2016},
  urldate={2023-02-19}
}

@online{valgrind_profiling,
  title={Profiling with Valgrind},
  author={Mantid Project},
  url={https://developer.mantidproject.org/ProfilingWithValgrind.html},
  year={2023},
  urldate={2023-02-19}
}
